@article{Tarjan1974,
  author    = {Robert Endre Tarjan},
  title     = {A note on finding the bridges of a graph},
  journal   = {Information Processing Letters},
  volume    = {2},
  number    = {6},
  pages     = {160--161},
  year      = {1974},
  doi       = {10.1016/0020-0190(74)90003-9},
  url       = {https://doi.org/10.1016/0020-0190(74)90003-9}
}

@article{Tarjan1972,
  author  = {Robert Tarjan},
  title   = {Depth-first search and linear graph algorithms},
  journal = {SIAM Journal on Computing},
  volume  = {1},
  number  = {2},
  pages   = {146--160},
  year    = {1972},
  month   = {June}
}